<?xml version="1.0" encoding="UTF-8"?><collection xmlns="http://www.loc.gov/MARC21/slim"><record><leader>00506nam--2200181-i-4500</leader><controlfield tag="001">000026273</controlfield><controlfield tag="002">20161230</controlfield><controlfield tag="005">20161230201036</controlfield><controlfield tag="008">060222s1000------------r-----000-0-eng-d</controlfield><datafield ind1=" " ind2=" " tag="040"><subfield code="a">IFIN-HH</subfield></datafield><datafield ind1=" " ind2=" " tag="080"><subfield code="a">548.73</subfield></datafield><datafield ind1="1" ind2=" " tag="100"><subfield code="a">Ter Haar, D</subfield></datafield><datafield ind1="1" ind2="0" tag="245"><subfield code="a">Lectures on selected topics in statistical mechanics</subfield><subfield code="c">D. Ter Haar</subfield></datafield><datafield ind1=" " ind2=" " tag="260"><subfield code="a">Oxford, Pergamon Press, 1977</subfield></datafield><datafield ind1=" " ind2=" " tag="300"><subfield code="a">124 p</subfield></datafield><datafield ind1=" " ind2=" " tag="490"><subfield code="a">International Series In Natural Phylosophy</subfield><subfield code="v">vol. 92</subfield></datafield><datafield ind1=" " ind2=" " tag="852"><subfield code="a">45299</subfield><subfield code="c">531</subfield></datafield><datafield ind1=" " ind2=" " tag="CAT"><subfield code="a">Sys</subfield><subfield code="c">20100630</subfield><subfield code="h">084613</subfield></datafield></record></collection>